@inproceedings{Omidvar-Tehrani:2015,
 author = {Omidvar-Tehrani, Behrooz and Amer-Yahia, Sihem and Termier, Alexandre},
 title = {Interactive User Group Analysis},
 booktitle = {CIKM},
 year = {2015},
 isbn = {978-1-4503-3794-6},
 pages = {403--412},
 numpages = {10},
 url = {http://doi.acm.org/10.1145/2806416.2806519},
 doi = {10.1145/2806416.2806519},
 acmid = {2806519},
 publisher = {ACM},
 keywords = {interactive analysis, user data, validation},
}  
  
@article{RoddickEHPS04,
  author    = {John F. Roddick and
               Max J. Egenhofer and
               Erik G. Hoel and
               Dimitris Papadias and
               Betty Salzberg},
  title     = {Spatial, Temporal and Spatio-Temporal Databases - Hot Issues and Directions
               for PhD Research},
  journal   = {{SIGMOD} Record},
  volume    = {33},
  number    = {2},
  pages     = {126--131},
  year      = {2004},
  url       = {http://doi.acm.org/10.1145/1024694.1024724},
  doi       = {10.1145/1024694.1024724},
  timestamp = {Wed, 19 Sep 2012 09:16:25 +0200},
  biburl    = {http://dblp.uni-trier.de/rec/bib/journals/sigmod/RoddickEHPS04},
  bibsource = {dblp computer science bibliography, http://dblp.org}
}


@inproceedings{Telang:2012,
 author = {Telang, Aditya and Padmanabhan, Deepak and Deshpande, Prasad},
 title = {Spatio-temporal Indexing: Current Scenario, Challenges and Approaches},
 booktitle = {Proceedings of the 18th International Conference on Management of Data},
 series = {COMAD '12},
 year = {2012},
 location = {Pune, India},
 pages = {9--11},
 numpages = {3},
 url = {http://dl.acm.org/citation.cfm?id=2694443.2694449},
 acmid = {2694449},
 publisher = {Computer Society of India},
 address = {Mumbai, India, India},
} 

@inproceedings{Lohmann:2012,
 author = {Lohmann, Steffen and Burch, Michael and Schmauder, Hansj\"{o}rg and Weiskopf, Daniel},
 title = {Visual Analysis of Microblog Content Using Time-varying Co-occurrence Highlighting in Tag Clouds},
 booktitle = {AVI},
 year = {2012},
 pages = {753--756},
 url = {http://doi.acm.org/10.1145/2254556.2254701},
 doi = {10.1145/2254556.2254701},
 acmid = {2254701},
 publisher = {ACM},
 keywords = {co-occurrence highlighting, histogram, microblogging, microposts, tag cloud, time-series visualization, twitter, visual analysis},
} 


@article{Robinson2011,
author = { Anthony C.   Robinson },
title = {Highlighting in Geovisualization},
journal = {Cartography and Geographic Information Science},
volume = {38},
number = {4},
pages = {373-383},
year = {2011},
doi = {10.1559/15230406384373},
URL = { 
        http://dx.doi.org/10.1559/15230406384373    
},
eprint = { 
        http://dx.doi.org/10.1559/15230406384373    
},
}

@article{Alper:2011,
 author = {Alper, Basak and Hollerer, Tobias and Kuchera-Morin, JoAnn and Forbes, Angus},
 title = {Stereoscopic Highlighting: 2D Graph Visualization on Stereo Displays},
 journal = {IEEE Transactions on Visualization and Computer Graphics},
 issue_date = {December 2011},
 volume = {17},
 number = {12},
 month = dec,
 year = {2011},
 issn = {1077-2626},
 pages = {2325--2333},
 numpages = {9},
 url = {http://dx.doi.org/10.1109/TVCG.2011.234},
 doi = {10.1109/TVCG.2011.234},
 acmid = {2068634},
 publisher = {IEEE Educational Activities Department},
 address = {Piscataway, NJ, USA},
 keywords = {Graph visualization, stereo displays, virtual reality.},
} 

@INPROCEEDINGS{Liang2010, 
author={J. Liang and M. L. Huang}, 
booktitle={2010 14th International Conference Information Visualisation}, 
title={Highlighting in Information Visualization: A Survey}, 
year={2010}, 
keywords={data visualisation;formal specification;knowledge representation;computer graphics;formal summarization;graphic recommendation mechanism;highlighting;information visualization;interaction control;viewing control mechanism;visual information processing;Context;Data visualization;Image color analysis;Navigation;Shape;Visual analytics;Highlighting;interactive visualization;knowledge discovery informationvisualization;visual analytics}, 
doi={10.1109/IV.2010.21}, 
ISSN={1550-6037}, 
month={July},}


@inproceedings{boley2013one,
  title={One click mining: Interactive local pattern discovery through implicit preference and performance learning},
  author={Boley, Mario and Mampaey, Michael and Kang, Bo and Tokmakov, Pavel and Wrobel, Stefan},
  booktitle={Proceedings of the ACM SIGKDD Workshop on Interactive Data Exploration and Analytics},
  pages={27--35},
  year={2013},
  organization={ACM}
}



@article{Philipsen94,
author = { Geerd   Philipsen },
title = {Effects of six different highlighting modes on visual search performance in menu options},
journal = {International Journal of Humanâ€“Computer Interaction},
volume = {6},
number = {3},
pages = {319-335},
year = {1994},
doi = {10.1080/10447319409526098},

URL = { 
        http://dx.doi.org/10.1080/10447319409526098
    
},
eprint = { 
        http://dx.doi.org/10.1080/10447319409526098
    
}
,
}

@article{Segel:2010,
 author = {Segel, Edward and Heer, Jeffrey},
 title = {Narrative Visualization: Telling Stories with Data},
 journal = {IEEE Transactions on Visualization and Computer Graphics},
 issue_date = {November 2010},
 volume = {16},
 number = {6},
 month = nov,
 year = {2010},
 issn = {1077-2626},
 pages = {1139--1148},
 numpages = {10},
 url = {http://dx.doi.org/10.1109/TVCG.2010.179},
 doi = {10.1109/TVCG.2010.179},
 acmid = {1908000},
 publisher = {IEEE Educational Activities Department},
 address = {Piscataway, NJ, USA},
 keywords = {Narrative visualization, Narrative visualization, storytelling, design methods, case study, journalism, social data analysis, case study, design methods, journalism, social data analysis, storytelling},
} 

@article{Samet:2014,
 author = {Samet, Hanan and Sankaranarayanan, Jagan and Lieberman, Michael D. and Adelfio, Marco D. and Fruin, Brendan C. and Lotkowski, Jack M. and Panozzo, Daniele and Sperling, Jon and Teitler, Benjamin E.},
 title = {Reading News with Maps by Exploiting Spatial Synonyms},
 journal = {Commun. ACM},
 issue_date = {October 2014},
 volume = {57},
 number = {10},
 month = sep,
 year = {2014},
 issn = {0001-0782},
 pages = {64--77},
 numpages = {14},
 url = {http://doi.acm.org/10.1145/2629572},
 doi = {10.1145/2629572},
 acmid = {2629572},
 publisher = {ACM},
 address = {New York, NY, USA},
} 

@inproceedings{Levandoski:2012,
 author = {Levandoski, Justin J. and Sarwat, Mohamed and Eldawy, Ahmed and Mokbel, Mohamed F.},
 title = {LARS: A Location-Aware Recommender System},
 booktitle = {ICDE},
 year = {2012},
 isbn = {978-0-7695-4747-3},
 pages = {450--461},
 numpages = {12},
 url = {http://dx.doi.org/10.1109/ICDE.2012.54},
 doi = {10.1109/ICDE.2012.54},
 acmid = {2310356}
} 

@INPROCEEDINGS{Magdy2014, 
author={A. Magdy and A. M. Aly and M. F. Mokbel and S. Elnikety and Y. He and S. Nath}, 
booktitle={2014 IEEE 30th International Conference on Data Engineering}, 
title={Mars: Real-time spatio-temporal queries on microblogs}, 
year={2014}, 
pages={1238-1241}, 
keywords={Internet;query processing;social networking (online);Bing Web search;Mars;Twitter firehose;Zipf distributed microblogs data;aggregate queries;heavy query workloads;hopping-window based aggregation;in-memory digestion-expiration techniques;load shedding techniques;microblogs keywords;microblogs location information;nearest-neighbor queries;production query workload;pruning techniques;range queries;real-time query processing;real-time spatio-temporal queries;smart memory optimization;top-k aggregate query processing;Aggregates;Indexes;Mars;Memory management;Query processing;Real-time systems;Twitter}, 
doi={10.1109/ICDE.2014.6816750}, 
ISSN={1063-6382}, 
month={March},}

@inproceedings{HendawiKRBTA15a,
  author    = {Abdeltawab M. Hendawi and
               Amruta Khot and
               Aqeel Rustum and
               Anas Basalamah and
               Ankur Teredesai and
               Mohamed H. Ali},
  title     = {A Map-Matching Aware Framework for Road Network Compression},
  booktitle = {16th {IEEE} International Conference on Mobile Data Management, {MDM}
               2015, Pittsburgh, PA, USA, June 15-18, 2015 - Volume 1},
  pages     = {307--310},
  year      = {2015},
  url       = {http://dx.doi.org/10.1109/MDM.2015.78},
  doi       = {10.1109/MDM.2015.78},
  timestamp = {Mon, 09 May 2016 12:34:51 +0200},
  biburl    = {http://dblp.uni-trier.de/rec/bib/conf/mdm/HendawiKRBTA15a},
  bibsource = {dblp computer science bibliography, http://dblp.org}
}

@Article{Bao2015,
author="Bao, Jie
and Zheng, Yu
and Wilkie, David
and Mokbel, Mohamed",
title="Recommendations in location-based social networks: a survey",
journal="GeoInformatica",
year="2015",
volume="19",
number="3",
pages="525--565",
doi="10.1007/s10707-014-0220-8",
url="http://dx.doi.org/10.1007/s10707-014-0220-8"
}

@inproceedings{Magdy:2014,
 author = {Magdy, Amr and Alarabi, Louai and Al-Harthi, Saif and Musleh, Mashaal and Ghanem, Thanaa M. and Ghani, Sohaib and Mokbel, Mohamed F.},
 title = {Taghreed: A System for Querying, Analyzing, and Visualizing Geotagged Microblogs},
 booktitle = {Proceedings of the 22Nd ACM SIGSPATIAL International Conference on Advances in Geographic Information Systems},
 series = {SIGSPATIAL '14},
 year = {2014},
 isbn = {978-1-4503-3131-9},
 location = {Dallas, Texas},
 pages = {163--172},
 numpages = {10},
 url = {http://doi.acm.org/10.1145/2666310.2666397},
 doi = {10.1145/2666310.2666397},
 acmid = {2666397},
 publisher = {ACM},
 address = {New York, NY, USA},
 keywords = {indexing, microblogs, query processing, spatio-temporal},
} 

@inproceedings{ChirigatiDDF16,
  author    = {Fernando Chirigati and
               Harish Doraiswamy and
               Theodoros Damoulas and
               Juliana Freire},
  title     = {Data Polygamy: The Many-Many Relationships among Urban Spatio-Temporal
               Data Sets},
  booktitle = {Proceedings of the 2016 International Conference on Management of
               Data, {SIGMOD} Conference 2016, San Francisco, CA, USA, June 26 -
               July 01, 2016},
  pages     = {1011--1025},
  year      = {2016},
  crossref  = {DBLP:conf/sigmod/2016},
  url       = {http://doi.acm.org/10.1145/2882903.2915245},
  doi       = {10.1145/2882903.2915245},
  timestamp = {Sat, 18 Jun 2016 14:32:22 +0200},
  biburl    = {http://dblp.uni-trier.de/rec/bib/conf/sigmod/ChirigatiDDF16},
  bibsource = {dblp computer science bibliography, http://dblp.org}
}

@article{Adomavicius:2005,
 author = {Adomavicius, Gediminas and Tuzhilin, Alexander},
 title = {Toward the Next Generation of Recommender Systems: A Survey of the State-of-the-Art and Possible Extensions},
 journal = {IEEE Trans. on Knowl. and Data Eng.},
 issue_date = {June 2005},
 volume = {17},
 number = {6},
 month = jun,
 year = {2005},
 issn = {1041-4347},
 pages = {734--749},
 numpages = {16},
 url = {http://dx.doi.org/10.1109/TKDE.2005.99},
 doi = {10.1109/TKDE.2005.99},
 acmid = {1070751},
 publisher = {IEEE Educational Activities Department},
 address = {Piscataway, NJ, USA},
 keywords = {Index Terms- Recommender systems, Recommender systems, collaborative filtering, rating estimation methods, extensions to recommender systems., collaborative filtering, extensions to recommender systems., rating estimation methods},
} 

@inproceedings{aly2015spatial,
  title={Spatial queries with k-nearest-neighbor and relational predicates},
  author={Aly, Ahmed M and Aref, Walid G and Ouzzani, Mourad},
  booktitle={SIGSPATIAL},
  pages={28},
  year={2015},
  organization={ACM}
}

@article{miller1956human,
  title={Human memory and the storage of information},
  author={Miller, George},
  journal={IRE Transactions on Information Theory},
  volume={2},
  number={3},
  pages={129--137},
  year={1956},
  publisher={IEEE}
}

@inproceedings{yu2015geospark,
  title={Geospark: A cluster computing framework for processing large-scale spatial data},
  author={Yu, Jia and Wu, Jinxuan and Sarwat, Mohamed},
  booktitle={SIGSPATIAL},
  pages={70},
  year={2015},
  organization={ACM}
}


@inproceedings{DBLP:conf/icde/EldawyM15,
 author    = {Ahmed Eldawy and Mohamed F. Mokbel},
 title     = {{SpatialHadoop: {A} MapReduce Framework for Spatial Data}},
 booktitle = {31st {IEEE} International Conference on Data Engineering, {ICDE} 2015, Seoul, South Korea, April 13-17, 2015},
 pages     = {1352--1363},
 year      = {2015},
 url       = {http://dx.doi.org/10.1109/ICDE.2015.7113382},
 doi       = {10.1109/ICDE.2015.7113382},
 timestamp = {Tue, 09 Jun 2015 07:58:12 +0200},
 biburl    = {http://dblp.uni-trier.de/rec/bib/conf/icde/EldawyM15},
 bibsource = {dblp computer science bibliography, http://dblp.org}
}

@article{ferreira2013visual,
  title={Visual exploration of big spatio-temporal urban data: A study of new york city taxi trips},
  author={Ferreira, Nivan and Poco, Jorge and Vo, Huy T and Freire, Juliana and Silva, Cl{\'a}udio T},
  journal={IEEE Transactions on Visualization and Computer Graphics},
  volume={19},
  number={12},
  pages={2149--2158},
  year={2013},
  publisher={IEEE}
}

@article{DBLP:journals/debu/FreireCVZ16,
  author    = {Juliana Freire and
               Aline Bessa and
               Fernando Chirigati and
               Huy T. Vo and
               Kai Zhao},
  title     = {Exploring What not to Clean in Urban Data: {A} Study Using New York
               City Taxi Trips},
  journal   = {{IEEE} Data Eng. Bull.},
  volume    = {39},
  number    = {2},
  pages     = {63--77},
  year      = {2016},
  url       = {http://sites.computer.org/debull/A16june/p63.pdf},
  timestamp = {Fri, 15 Jul 2016 07:43:00 +0200},
  biburl    = {http://dblp.uni-trier.de/rec/bib/journals/debu/FreireCVZ16},
  bibsource = {dblp computer science bibliography, http://dblp.org}
}

@article{wongsuphasawat2016voyager,
  title={Voyager: Exploratory analysis via faceted browsing of visualization recommendations},
  author={Wongsuphasawat, Kanit and Moritz, Dominik and Anand, Anushka and Mackinlay, Jock and Howe, Bill and Heer, Jeffrey},
  journal={TVCG},
  volume={22},
  number={1},
  year={2016},
  publisher={IEEE}
}

@article{willett2007scented,
  title={Scented widgets: Improving navigation cues with embedded visualizations},
  author={Willett, Wesley and Heer, Jeffrey and Agrawala, Maneesh},
  journal={IEEE Transactions on Visualization and Computer Graphics},
  volume={13},
  number={6},
  pages={1129--1136},
  year={2007},
  publisher={IEEE}
}

@misc{nyctaxi,
title={NYC Taxi and Limousine Commission Dataset},
howpublished = {http://www.nyc.gov/html/tlc/html/about/trip_record_data.shtml}
}

@misc{nycbike,
title={NYC CITI Bike Dataset},
howpublished = {http://www.nyc.gov/html/tlc/html/about/trip_record_data.shtml}
}

@misc{airbnb,
title={Airbnb Dataset},
howpublished = {http://insideairbnb.com/get-the-data.html}
}

@misc{yelp,
title={Yelp Dataset},
howpublished = {http://www.nyc.gov/html/tlc/html/about/trip_record_data.shtml}
}

@article{lins2013nanocubes,
  title={Nanocubes for real-time exploration of spatiotemporal datasets},
  author={Lins, Lauro and Klosowski, James T and Scheidegger, Carlos},
  journal={IEEE Transactions on Visualization and Computer Graphics},
  volume={19},
  number={12},
  pages={2456--2465},
  year={2013},
  publisher={IEEE}
}

@article{fischer1999investigation,
  title={An investigation of attention allocation during sequential eye movement tasks},
  author={Fischer, Martin H},
  journal={The Quarterly Journal of Experimental Psychology: Section A},
  volume={52},
  number={3},
  pages={649--677},
  year={1999},
  publisher={Taylor \& Francis}
}

@article{arapakis2014user,
  title={User engagement in online news: Under the scope of sentiment, interest, affect, and gaze},
  author={Arapakis, Ioannis and Lalmas, Mounia and Cambazoglu, B Barla and Marcos, Mari-Carmen and Jose, Joemon M},
  journal={Journal of the Association for Information Science and Technology},
  volume={65},
  number={10},
  pages={1988--2005},
  year={2014},
  publisher={Wiley Online Library}
}

@inproceedings{arapakis2014understanding,
  title={Understanding within-content engagement through pattern analysis of mouse gestures},
  author={Arapakis, Ioannis and Lalmas, Mounia and Valkanas, George},
  booktitle={Proceedings of the 23rd ACM International Conference on Conference on Information and Knowledge Management},
  pages={1439--1448},
  year={2014},
  organization={ACM}
}

@article{VartakRMPP15,
	author    = {Manasi Vartak and
	Sajjadur Rahman and
	Samuel Madden and
	Aditya G. Parameswaran and
	Neoklis Polyzotis},
	title     = {{SEEDB:} Efficient Data-Driven Visualization Recommendations to Support
	Visual Analytics},
	journal   = {{PVLDB}},
	volume    = {8},
	number    = {13},
	pages     = {2182--2193},
	year      = {2015},
	url       = {http://www.vldb.org/pvldb/vol8/p2182-vartak.pdf},
	timestamp = {Tue, 15 Sep 2015 19:25:45 +0200},
	biburl    = {http://dblp.uni-trier.de/rec/bib/journals/pvldb/VartakRMPP15},
	bibsource = {dblp computer science bibliography, http://dblp.org}
}

@article{sharma2012k,
  title={K-means clustering in spatial data mining using weka interface},
  author={Sharma, Ritu and Alam, M Afshar and Rani, Anita},
  journal={International Journal of Computer Applications},
  pages={26--30},
  year={2012}
}

