@inproceedings{kumar2009airport,
  title={Airport troughput capacity limits for demand management planning},
  author={Kumar, Vivek and Sherry, Lance},
  booktitle={Integrated Communications, Navigation and Surveillance Conference, 2009. ICNS'09.},
  pages={1--10},
  year={2009},
  organization={IEEE}
}


@article{lins2013nanocubes,
  title={Nanocubes for real-time exploration of spatiotemporal datasets},
  author={Lins, Lauro and Klosowski, James T and Scheidegger, Carlos},
  journal={Visualization and Computer Graphics, IEEE Transactions on},
  volume={19},
  number={12},
  pages={2456--2465},
  year={2013},
  publisher={IEEE}
}

@inproceedings{DBLP:conf/icde/KamatJTN14,
  author    = {Niranjan Kamat and
               Prasanth Jayachandran and
               Karthik Tunga and
               Arnab Nandi},
  title     = {Distributed and interactive cube exploration},
  booktitle = {ICDE},
  pages     = {472--483},
  year      = {2014}
}

@article{keim2000designing,
  title={Designing pixel-oriented visualization techniques: Theory and applications},
  author={Keim, Daniel A},
  journal={Visualization and Computer Graphics, IEEE Transactions on},
  volume={6},
  number={1},
  pages={59--78},
  year={2000},
  publisher={IEEE}
}

@article{cf,
  title={Crossfilter: Fast multidimensional filtering for coordinated views},
  author={I. Square},
  year={2013},
  publisher={http://github.com/square/crossfilter}
}

@inproceedings{tehrani2015interactive,
  title={Interactive User Group Analysis},
  author={Omidvar-Tehrani, Behrooz and Amer-Yahia, Sihem and Termier, Alexandre},
  booktitle={CIKM},
  year={2015}
}

@article{nandi2011guided,
  title={Guided interaction: Rethinking the query-result paradigm},
  author={Nandi, Arnab and Jagadish, HV},
  journal={VLDB},
  volume={4},
  number={12},
  pages={1466--1469},
  year={2011},
  publisher={Citeseer}
}

@inproceedings{ritter2012open,
  title={Open domain event extraction from twitter},
  author={Ritter, Alan and Etzioni, Oren and Clark, Sam and others},
  booktitle={KDD},
  pages={1104--1112},
  year={2012},
  organization={ACM}
}

@inproceedings{hendawi2012panda,
  title={Panda: a predictive spatio-temporal query processor},
  author={Hendawi, Abdeltawab M and Mokbel, Mohamed F},
  booktitle={Proceedings of the 20th International Conference on Advances in Geographic Information Systems},
  pages={13--22},
  year={2012},
  organization={ACM}
}